@article{choi2019phase,
  title={Phase-aware speech enhancement with deep complex u-net},
  author={Choi, Hyeong-Seok and Kim, Jang-Hyun and Huh, Jaesung and Kim, Adrian and Ha, Jung-Woo and Lee, Kyogu},
  journal={arXiv preprint arXiv:1903.03107},
  year={2019}
}

@incollection{nussbaumer1981fast,
  title={The fast Fourier transform},
  author={Nussbaumer, Henri J},
  booktitle={Fast Fourier Transform and Convolution Algorithms},
  pages={80--111},
  year={1981},
  publisher={Springer}
}

@article{trabelsi2017deep,
  title={Deep complex networks},
  author={Trabelsi, Chiheb and Bilaniuk, Olexa and Zhang, Ying and Serdyuk, Dmitriy and Subramanian, Sandeep and Santos, Joao Felipe and Mehri, Soroush and Rostamzadeh, Negar and Bengio, Yoshua and Pal, Christopher J},
  journal={arXiv preprint arXiv:1705.09792},
  year={2017}
}

